

% Claims that there must be more incentive for adoption of SSO-techniques. Act to fulfill RPs needs and to build in support into the browser for SSO
@inproceedings{BillionKeys,
 author = {Sun, San-Tsai and Boshmaf, Yazan and Hawkey, Kirstie and Beznosov, Konstantin},
 title = {A billion keys, but few locks: the crisis of web single sign-on},
 booktitle = {Proceedings of the 2010 workshop on New security paradigms},
 series = {NSPW '10},
 year = {2010},
 isbn = {978-1-4503-0415-3},
 location = {Concord, Massachusetts, USA},
 pages = {61--72},
 numpages = {12},
 url = {http://doi.acm.org/10.1145/1900546.1900556},
 doi = {10.1145/1900546.1900556},
 acmid = {1900556},
 publisher = {ACM},
 address = {New York, NY, USA},
 keywords = {authentication, infocard, openid, web identity management, web single sign-on},
} 
